<?xml version="1.0" encoding="UTF-8"?><collection xmlns="http://www.loc.gov/MARC21/slim"><record><leader>00486nam--2200133-i-4500</leader><controlfield tag="001">000004979</controlfield><controlfield tag="002">20161230</controlfield><controlfield tag="005">20161230201026</controlfield><controlfield tag="008">060222s1000------------r-----000-0-eng-d</controlfield><datafield ind1=" " ind2=" " tag="100"><subfield code="a">Christofferson, S., Lodding, A., Lunden, A</subfield></datafield><datafield ind1=" " ind2=" " tag="245"><subfield code="a">The isotopic effect of lithium ions in counter current electromigration in molten lithium bro mide and iodide</subfield></datafield><datafield ind1=" " ind2=" " tag="260"><subfield code="a">Goteborg, Elanders Boktryckeri Aktiebolag,1959 35 P</subfield></datafield><datafield ind1=" " ind2=" " tag="490"><subfield code="a">Chalmers Tekniska Hogskolas Handligar, No.221</subfield></datafield><datafield ind1=" " ind2=" " tag="852"><subfield code="a">13929</subfield></datafield></record></collection>